%YAML 1.1
%TAG !u! tag:unity3d.com,2011:
--- !u!1 &3174664137663022150
GameObject:
  m_ObjectHideFlags: 0
  m_CorrespondingSourceObject: {fileID: 0}
  m_PrefabInstance: {fileID: 0}
  m_PrefabAsset: {fileID: 0}
  serializedVersion: 6
  m_Component:
  - component: {fileID: 3174664137663060070}
  - component: {fileID: 3174664137663022169}
  m_Layer: 0
  m_Name: base-turret
  m_TagString: Untagged
  m_Icon: {fileID: 0}
  m_NavMeshLayer: 0
  m_StaticEditorFlags: 0
  m_IsActive: 1
--- !u!4 &3174664137663060070
Transform:
  m_ObjectHideFlags: 0
  m_CorrespondingSourceObject: {fileID: 0}
  m_PrefabInstance: {fileID: 0}
  m_PrefabAsset: {fileID: 0}
  m_GameObject: {fileID: 3174664137663022150}
  m_LocalRotation: {x: -0, y: -0, z: -0, w: 1}
  m_LocalPosition: {x: 0.591, y: 0.381, z: 0}
  m_LocalScale: {x: 1, y: 1, z: 1}
  m_Children:
  - {fileID: 3174664137663060086}
  - {fileID: 4837729278063347720}
  m_Father: {fileID: 0}
  m_RootOrder: 0
  m_LocalEulerAnglesHint: {x: 0, y: 0, z: 0}
--- !u!114 &3174664137663022169
MonoBehaviour:
  m_ObjectHideFlags: 0
  m_CorrespondingSourceObject: {fileID: 0}
  m_PrefabInstance: {fileID: 0}
  m_PrefabAsset: {fileID: 0}
  m_GameObject: {fileID: 3174664137663022150}
  m_Enabled: 1
  m_EditorHideFlags: 0
  m_Script: {fileID: 11500000, guid: 6f1962692c7ca8744b199d8669fbf171, type: 3}
  m_Name: 
  m_EditorClassIdentifier: 
  velocity: 100
  player: {fileID: 0}
  guns: {fileID: 4837729278063347721}
--- !u!1 &3174664137663022152
GameObject:
  m_ObjectHideFlags: 0
  m_CorrespondingSourceObject: {fileID: 0}
  m_PrefabInstance: {fileID: 0}
  m_PrefabAsset: {fileID: 0}
  serializedVersion: 6
  m_Component:
  - component: {fileID: 3174664137663060072}
  - component: {fileID: 3174664137663862858}
  - component: {fileID: 3174664137664961162}
  m_Layer: 0
  m_Name: Gun2
  m_TagString: Untagged
  m_Icon: {fileID: 0}
  m_NavMeshLayer: 0
  m_StaticEditorFlags: 0
  m_IsActive: 1
--- !u!4 &3174664137663060072
Transform:
  m_ObjectHideFlags: 0
  m_CorrespondingSourceObject: {fileID: 0}
  m_PrefabInstance: {fileID: 0}
  m_PrefabAsset: {fileID: 0}
  m_GameObject: {fileID: 3174664137663022152}
  m_LocalRotation: {x: -0.7071068, y: 0, z: 0, w: 0.7071068}
  m_LocalPosition: {x: 0, y: 0, z: 0}
  m_LocalScale: {x: -4.3569746, y: -4.3569775, z: -4.3569775}
  m_Children:
  - {fileID: 7701921256505278433}
  m_Father: {fileID: 4837729278063347720}
  m_RootOrder: 2
  m_LocalEulerAnglesHint: {x: -90, y: 0, z: 0}
--- !u!33 &3174664137663862858
MeshFilter:
  m_ObjectHideFlags: 0
  m_CorrespondingSourceObject: {fileID: 0}
  m_PrefabInstance: {fileID: 0}
  m_PrefabAsset: {fileID: 0}
  m_GameObject: {fileID: 3174664137663022152}
  m_Mesh: {fileID: 4300008, guid: 4750a17d568f46f4a87f13483deb974a, type: 3}
--- !u!23 &3174664137664961162
MeshRenderer:
  m_ObjectHideFlags: 0
  m_CorrespondingSourceObject: {fileID: 0}
  m_PrefabInstance: {fileID: 0}
  m_PrefabAsset: {fileID: 0}
  m_GameObject: {fileID: 3174664137663022152}
  m_Enabled: 1
  m_CastShadows: 1
  m_ReceiveShadows: 1
  m_DynamicOccludee: 1
  m_MotionVectors: 1
  m_LightProbeUsage: 1
  m_ReflectionProbeUsage: 1
  m_RenderingLayerMask: 1
  m_RendererPriority: 0
  m_Materials:
  - {fileID: 2100000, guid: 4750a17d568f46f4a87f13483deb974a, type: 3}
  m_StaticBatchInfo:
    firstSubMesh: 0
    subMeshCount: 0
  m_StaticBatchRoot: {fileID: 0}
  m_ProbeAnchor: {fileID: 0}
  m_LightProbeVolumeOverride: {fileID: 0}
  m_ScaleInLightmap: 1
  m_PreserveUVs: 0
  m_IgnoreNormalsForChartDetection: 0
  m_ImportantGI: 0
  m_StitchLightmapSeams: 0
  m_SelectedEditorRenderState: 3
  m_MinimumChartSize: 4
  m_AutoUVMaxDistance: 0.5
  m_AutoUVMaxAngle: 89
  m_LightmapParameters: {fileID: 0}
  m_SortingLayerID: 0
  m_SortingLayer: 0
  m_SortingOrder: 0
--- !u!1 &3174664137663022154
GameObject:
  m_ObjectHideFlags: 0
  m_CorrespondingSourceObject: {fileID: 0}
  m_PrefabInstance: {fileID: 0}
  m_PrefabAsset: {fileID: 0}
  serializedVersion: 6
  m_Component:
  - component: {fileID: 3174664137663060074}
  - component: {fileID: 3174664137663862860}
  - component: {fileID: 3174664137664961164}
  m_Layer: 0
  m_Name: Gun1
  m_TagString: Untagged
  m_Icon: {fileID: 0}
  m_NavMeshLayer: 0
  m_StaticEditorFlags: 0
  m_IsActive: 1
--- !u!4 &3174664137663060074
Transform:
  m_ObjectHideFlags: 0
  m_CorrespondingSourceObject: {fileID: 0}
  m_PrefabInstance: {fileID: 0}
  m_PrefabAsset: {fileID: 0}
  m_GameObject: {fileID: 3174664137663022154}
  m_LocalRotation: {x: -0.7071068, y: 0, z: 0, w: 0.7071068}
  m_LocalPosition: {x: 0, y: 0, z: 0}
  m_LocalScale: {x: 4.3569746, y: 4.3569775, z: 4.3569775}
  m_Children:
  - {fileID: 7701921256650839885}
  m_Father: {fileID: 4837729278063347720}
  m_RootOrder: 1
  m_LocalEulerAnglesHint: {x: -90, y: 0, z: 0}
--- !u!33 &3174664137663862860
MeshFilter:
  m_ObjectHideFlags: 0
  m_CorrespondingSourceObject: {fileID: 0}
  m_PrefabInstance: {fileID: 0}
  m_PrefabAsset: {fileID: 0}
  m_GameObject: {fileID: 3174664137663022154}
  m_Mesh: {fileID: 4300012, guid: 4750a17d568f46f4a87f13483deb974a, type: 3}
--- !u!23 &3174664137664961164
MeshRenderer:
  m_ObjectHideFlags: 0
  m_CorrespondingSourceObject: {fileID: 0}
  m_PrefabInstance: {fileID: 0}
  m_PrefabAsset: {fileID: 0}
  m_GameObject: {fileID: 3174664137663022154}
  m_Enabled: 1
  m_CastShadows: 1
  m_ReceiveShadows: 1
  m_DynamicOccludee: 1
  m_MotionVectors: 1
  m_LightProbeUsage: 1
  m_ReflectionProbeUsage: 1
  m_RenderingLayerMask: 1
  m_RendererPriority: 0
  m_Materials:
  - {fileID: 2100000, guid: 4750a17d568f46f4a87f13483deb974a, type: 3}
  m_StaticBatchInfo:
    firstSubMesh: 0
    subMeshCount: 0
  m_StaticBatchRoot: {fileID: 0}
  m_ProbeAnchor: {fileID: 0}
  m_LightProbeVolumeOverride: {fileID: 0}
  m_ScaleInLightmap: 1
  m_PreserveUVs: 0
  m_IgnoreNormalsForChartDetection: 0
  m_ImportantGI: 0
  m_StitchLightmapSeams: 0
  m_SelectedEditorRenderState: 3
  m_MinimumChartSize: 4
  m_AutoUVMaxDistance: 0.5
  m_AutoUVMaxAngle: 89
  m_LightmapParameters: {fileID: 0}
  m_SortingLayerID: 0
  m_SortingLayer: 0
  m_SortingOrder: 0
--- !u!1 &3174664137663022156
GameObject:
  m_ObjectHideFlags: 0
  m_CorrespondingSourceObject: {fileID: 0}
  m_PrefabInstance: {fileID: 0}
  m_PrefabAsset: {fileID: 0}
  serializedVersion: 6
  m_Component:
  - component: {fileID: 3174664137663060076}
  - component: {fileID: 3174664137663862862}
  - component: {fileID: 3174664137664961166}
  m_Layer: 0
  m_Name: Gun0
  m_TagString: Untagged
  m_Icon: {fileID: 0}
  m_NavMeshLayer: 0
  m_StaticEditorFlags: 0
  m_IsActive: 1
--- !u!4 &3174664137663060076
Transform:
  m_ObjectHideFlags: 0
  m_CorrespondingSourceObject: {fileID: 0}
  m_PrefabInstance: {fileID: 0}
  m_PrefabAsset: {fileID: 0}
  m_GameObject: {fileID: 3174664137663022156}
  m_LocalRotation: {x: -0.7071068, y: 0, z: 0, w: 0.7071068}
  m_LocalPosition: {x: 0, y: 0, z: 0}
  m_LocalScale: {x: 4.3569746, y: 4.3569775, z: 4.3569775}
  m_Children:
  - {fileID: 7701921257308301061}
  m_Father: {fileID: 4837729278063347720}
  m_RootOrder: 0
  m_LocalEulerAnglesHint: {x: -90, y: 0, z: 0}
--- !u!33 &3174664137663862862
MeshFilter:
  m_ObjectHideFlags: 0
  m_CorrespondingSourceObject: {fileID: 0}
  m_PrefabInstance: {fileID: 0}
  m_PrefabAsset: {fileID: 0}
  m_GameObject: {fileID: 3174664137663022156}
  m_Mesh: {fileID: 4300010, guid: 4750a17d568f46f4a87f13483deb974a, type: 3}
--- !u!23 &3174664137664961166
MeshRenderer:
  m_ObjectHideFlags: 0
  m_CorrespondingSourceObject: {fileID: 0}
  m_PrefabInstance: {fileID: 0}
  m_PrefabAsset: {fileID: 0}
  m_GameObject: {fileID: 3174664137663022156}
  m_Enabled: 1
  m_CastShadows: 1
  m_ReceiveShadows: 1
  m_DynamicOccludee: 1
  m_MotionVectors: 1
  m_LightProbeUsage: 1
  m_ReflectionProbeUsage: 1
  m_RenderingLayerMask: 1
  m_RendererPriority: 0
  m_Materials:
  - {fileID: 2100000, guid: 4750a17d568f46f4a87f13483deb974a, type: 3}
  m_StaticBatchInfo:
    firstSubMesh: 0
    subMeshCount: 0
  m_StaticBatchRoot: {fileID: 0}
  m_ProbeAnchor: {fileID: 0}
  m_LightProbeVolumeOverride: {fileID: 0}
  m_ScaleInLightmap: 1
  m_PreserveUVs: 0
  m_IgnoreNormalsForChartDetection: 0
  m_ImportantGI: 0
  m_StitchLightmapSeams: 0
  m_SelectedEditorRenderState: 3
  m_MinimumChartSize: 4
  m_AutoUVMaxDistance: 0.5
  m_AutoUVMaxAngle: 89
  m_LightmapParameters: {fileID: 0}
  m_SortingLayerID: 0
  m_SortingLayer: 0
  m_SortingOrder: 0
--- !u!1 &3174664137663022166
GameObject:
  m_ObjectHideFlags: 0
  m_CorrespondingSourceObject: {fileID: 0}
  m_PrefabInstance: {fileID: 0}
  m_PrefabAsset: {fileID: 0}
  serializedVersion: 6
  m_Component:
  - component: {fileID: 3174664137663060086}
  - component: {fileID: 3174664137663862856}
  - component: {fileID: 3174664137664961160}
  m_Layer: 0
  m_Name: Turret
  m_TagString: Untagged
  m_Icon: {fileID: 0}
  m_NavMeshLayer: 0
  m_StaticEditorFlags: 0
  m_IsActive: 1
--- !u!4 &3174664137663060086
Transform:
  m_ObjectHideFlags: 0
  m_CorrespondingSourceObject: {fileID: 0}
  m_PrefabInstance: {fileID: 0}
  m_PrefabAsset: {fileID: 0}
  m_GameObject: {fileID: 3174664137663022166}
  m_LocalRotation: {x: -0.7071068, y: 0, z: -0, w: 0.7071067}
  m_LocalPosition: {x: -0, y: 0, z: 0}
  m_LocalScale: {x: 4.3569746, y: 4.3569746, z: 4.3569746}
  m_Children: []
  m_Father: {fileID: 3174664137663060070}
  m_RootOrder: 0
  m_LocalEulerAnglesHint: {x: 0, y: 0, z: 0}
--- !u!33 &3174664137663862856
MeshFilter:
  m_ObjectHideFlags: 0
  m_CorrespondingSourceObject: {fileID: 0}
  m_PrefabInstance: {fileID: 0}
  m_PrefabAsset: {fileID: 0}
  m_GameObject: {fileID: 3174664137663022166}
  m_Mesh: {fileID: 4300014, guid: 4750a17d568f46f4a87f13483deb974a, type: 3}
--- !u!23 &3174664137664961160
MeshRenderer:
  m_ObjectHideFlags: 0
  m_CorrespondingSourceObject: {fileID: 0}
  m_PrefabInstance: {fileID: 0}
  m_PrefabAsset: {fileID: 0}
  m_GameObject: {fileID: 3174664137663022166}
  m_Enabled: 1
  m_CastShadows: 1
  m_ReceiveShadows: 1
  m_DynamicOccludee: 1
  m_MotionVectors: 1
  m_LightProbeUsage: 1
  m_ReflectionProbeUsage: 1
  m_RenderingLayerMask: 1
  m_RendererPriority: 0
  m_Materials:
  - {fileID: 2100000, guid: 4750a17d568f46f4a87f13483deb974a, type: 3}
  m_StaticBatchInfo:
    firstSubMesh: 0
    subMeshCount: 0
  m_StaticBatchRoot: {fileID: 0}
  m_ProbeAnchor: {fileID: 0}
  m_LightProbeVolumeOverride: {fileID: 0}
  m_ScaleInLightmap: 1
  m_PreserveUVs: 0
  m_IgnoreNormalsForChartDetection: 0
  m_ImportantGI: 0
  m_StitchLightmapSeams: 0
  m_SelectedEditorRenderState: 3
  m_MinimumChartSize: 4
  m_AutoUVMaxDistance: 0.5
  m_AutoUVMaxAngle: 89
  m_LightmapParameters: {fileID: 0}
  m_SortingLayerID: 0
  m_SortingLayer: 0
  m_SortingOrder: 0
--- !u!1 &4837729278063347721
GameObject:
  m_ObjectHideFlags: 0
  m_CorrespondingSourceObject: {fileID: 0}
  m_PrefabInstance: {fileID: 0}
  m_PrefabAsset: {fileID: 0}
  serializedVersion: 6
  m_Component:
  - component: {fileID: 4837729278063347720}
  m_Layer: 0
  m_Name: Guns
  m_TagString: Untagged
  m_Icon: {fileID: 0}
  m_NavMeshLayer: 0
  m_StaticEditorFlags: 0
  m_IsActive: 1
--- !u!4 &4837729278063347720
Transform:
  m_ObjectHideFlags: 0
  m_CorrespondingSourceObject: {fileID: 0}
  m_PrefabInstance: {fileID: 0}
  m_PrefabAsset: {fileID: 0}
  m_GameObject: {fileID: 4837729278063347721}
  m_LocalRotation: {x: 0, y: 0, z: 0, w: 1}
  m_LocalPosition: {x: 0, y: 0, z: 0}
  m_LocalScale: {x: 1, y: 1, z: 1}
  m_Children:
  - {fileID: 3174664137663060076}
  - {fileID: 3174664137663060074}
  - {fileID: 3174664137663060072}
  m_Father: {fileID: 3174664137663060070}
  m_RootOrder: 1
  m_LocalEulerAnglesHint: {x: 0, y: 0, z: 0}
--- !u!1001 &4837729277699262706
PrefabInstance:
  m_ObjectHideFlags: 0
  serializedVersion: 2
  m_Modification:
    m_TransformParent: {fileID: 3174664137663060076}
    m_Modifications:
    - target: {fileID: 3008872626167853046, guid: b39e662723f3c894a8d39544f7999283,
        type: 3}
      propertyPath: m_Name
      value: Spawn
      objectReference: {fileID: 0}
    - target: {fileID: 3008872626167853047, guid: b39e662723f3c894a8d39544f7999283,
        type: 3}
      propertyPath: m_LocalPosition.x
      value: 0.0186
      objectReference: {fileID: 0}
    - target: {fileID: 3008872626167853047, guid: b39e662723f3c894a8d39544f7999283,
        type: 3}
      propertyPath: m_LocalPosition.y
      value: -0.0963
      objectReference: {fileID: 0}
    - target: {fileID: 3008872626167853047, guid: b39e662723f3c894a8d39544f7999283,
        type: 3}
      propertyPath: m_LocalPosition.z
      value: 0.0099
      objectReference: {fileID: 0}
    - target: {fileID: 3008872626167853047, guid: b39e662723f3c894a8d39544f7999283,
        type: 3}
      propertyPath: m_LocalRotation.x
      value: 1
      objectReference: {fileID: 0}
    - target: {fileID: 3008872626167853047, guid: b39e662723f3c894a8d39544f7999283,
        type: 3}
      propertyPath: m_LocalRotation.y
      value: 0
      objectReference: {fileID: 0}
    - target: {fileID: 3008872626167853047, guid: b39e662723f3c894a8d39544f7999283,
        type: 3}
      propertyPath: m_LocalRotation.z
      value: 0
      objectReference: {fileID: 0}
    - target: {fileID: 3008872626167853047, guid: b39e662723f3c894a8d39544f7999283,
        type: 3}
      propertyPath: m_LocalRotation.w
      value: 0
      objectReference: {fileID: 0}
    - target: {fileID: 3008872626167853047, guid: b39e662723f3c894a8d39544f7999283,
        type: 3}
      propertyPath: m_RootOrder
      value: 0
      objectReference: {fileID: 0}
    - target: {fileID: 3008872626167853047, guid: b39e662723f3c894a8d39544f7999283,
        type: 3}
      propertyPath: m_LocalEulerAnglesHint.x
      value: 180
      objectReference: {fileID: 0}
    - target: {fileID: 3008872626167853047, guid: b39e662723f3c894a8d39544f7999283,
        type: 3}
      propertyPath: m_LocalEulerAnglesHint.y
      value: 0
      objectReference: {fileID: 0}
    - target: {fileID: 3008872626167853047, guid: b39e662723f3c894a8d39544f7999283,
        type: 3}
      propertyPath: m_LocalEulerAnglesHint.z
      value: 0
      objectReference: {fileID: 0}
    m_RemovedComponents: []
  m_SourcePrefab: {fileID: 100100000, guid: b39e662723f3c894a8d39544f7999283, type: 3}
--- !u!4 &7701921257308301061 stripped
Transform:
  m_CorrespondingSourceObject: {fileID: 3008872626167853047, guid: b39e662723f3c894a8d39544f7999283,
    type: 3}
  m_PrefabInstance: {fileID: 4837729277699262706}
  m_PrefabAsset: {fileID: 0}
--- !u!1001 &4837729278417549498
PrefabInstance:
  m_ObjectHideFlags: 0
  serializedVersion: 2
  m_Modification:
    m_TransformParent: {fileID: 3174664137663060074}
    m_Modifications:
    - target: {fileID: 3008872626167853046, guid: b39e662723f3c894a8d39544f7999283,
        type: 3}
      propertyPath: m_Name
      value: Spawn (1)
      objectReference: {fileID: 0}
    - target: {fileID: 3008872626167853047, guid: b39e662723f3c894a8d39544f7999283,
        type: 3}
      propertyPath: m_LocalPosition.x
      value: -0.0003
      objectReference: {fileID: 0}
    - target: {fileID: 3008872626167853047, guid: b39e662723f3c894a8d39544f7999283,
        type: 3}
      propertyPath: m_LocalPosition.y
      value: -0.096299976
      objectReference: {fileID: 0}
    - target: {fileID: 3008872626167853047, guid: b39e662723f3c894a8d39544f7999283,
        type: 3}
      propertyPath: m_LocalPosition.z
      value: 0.009899996
      objectReference: {fileID: 0}
    - target: {fileID: 3008872626167853047, guid: b39e662723f3c894a8d39544f7999283,
        type: 3}
      propertyPath: m_LocalRotation.x
      value: 1
      objectReference: {fileID: 0}
    - target: {fileID: 3008872626167853047, guid: b39e662723f3c894a8d39544f7999283,
        type: 3}
      propertyPath: m_LocalRotation.y
      value: -0
      objectReference: {fileID: 0}
    - target: {fileID: 3008872626167853047, guid: b39e662723f3c894a8d39544f7999283,
        type: 3}
      propertyPath: m_LocalRotation.z
      value: -0
      objectReference: {fileID: 0}
    - target: {fileID: 3008872626167853047, guid: b39e662723f3c894a8d39544f7999283,
        type: 3}
      propertyPath: m_LocalRotation.w
      value: 0
      objectReference: {fileID: 0}
    - target: {fileID: 3008872626167853047, guid: b39e662723f3c894a8d39544f7999283,
        type: 3}
      propertyPath: m_RootOrder
      value: 0
      objectReference: {fileID: 0}
    - target: {fileID: 3008872626167853047, guid: b39e662723f3c894a8d39544f7999283,
        type: 3}
      propertyPath: m_LocalEulerAnglesHint.x
      value: 180
      objectReference: {fileID: 0}
    - target: {fileID: 3008872626167853047, guid: b39e662723f3c894a8d39544f7999283,
        type: 3}
      propertyPath: m_LocalEulerAnglesHint.y
      value: 0
      objectReference: {fileID: 0}
    - target: {fileID: 3008872626167853047, guid: b39e662723f3c894a8d39544f7999283,
        type: 3}
      propertyPath: m_LocalEulerAnglesHint.z
      value: 0
      objectReference: {fileID: 0}
    - target: {fileID: 3008872626167853047, guid: b39e662723f3c894a8d39544f7999283,
        type: 3}
      propertyPath: m_LocalScale.z
      value: 1
      objectReference: {fileID: 0}
    m_RemovedComponents: []
  m_SourcePrefab: {fileID: 100100000, guid: b39e662723f3c894a8d39544f7999283, type: 3}
--- !u!4 &7701921256650839885 stripped
Transform:
  m_CorrespondingSourceObject: {fileID: 3008872626167853047, guid: b39e662723f3c894a8d39544f7999283,
    type: 3}
  m_PrefabInstance: {fileID: 4837729278417549498}
  m_PrefabAsset: {fileID: 0}
--- !u!1001 &4837729278544531478
PrefabInstance:
  m_ObjectHideFlags: 0
  serializedVersion: 2
  m_Modification:
    m_TransformParent: {fileID: 3174664137663060072}
    m_Modifications:
    - target: {fileID: 3008872626167853046, guid: b39e662723f3c894a8d39544f7999283,
        type: 3}
      propertyPath: m_Name
      value: Spawn (2)
      objectReference: {fileID: 0}
    - target: {fileID: 3008872626167853047, guid: b39e662723f3c894a8d39544f7999283,
        type: 3}
      propertyPath: m_LocalPosition.x
      value: 0.0189
      objectReference: {fileID: 0}
    - target: {fileID: 3008872626167853047, guid: b39e662723f3c894a8d39544f7999283,
        type: 3}
      propertyPath: m_LocalPosition.y
      value: 0.09629996
      objectReference: {fileID: 0}
    - target: {fileID: 3008872626167853047, guid: b39e662723f3c894a8d39544f7999283,
        type: 3}
      propertyPath: m_LocalPosition.z
      value: -0.009899996
      objectReference: {fileID: 0}
    - target: {fileID: 3008872626167853047, guid: b39e662723f3c894a8d39544f7999283,
        type: 3}
      propertyPath: m_LocalRotation.x
      value: 1
      objectReference: {fileID: 0}
    - target: {fileID: 3008872626167853047, guid: b39e662723f3c894a8d39544f7999283,
        type: 3}
      propertyPath: m_LocalRotation.y
      value: -0
      objectReference: {fileID: 0}
    - target: {fileID: 3008872626167853047, guid: b39e662723f3c894a8d39544f7999283,
        type: 3}
      propertyPath: m_LocalRotation.z
      value: -0
      objectReference: {fileID: 0}
    - target: {fileID: 3008872626167853047, guid: b39e662723f3c894a8d39544f7999283,
        type: 3}
      propertyPath: m_LocalRotation.w
      value: 0
      objectReference: {fileID: 0}
    - target: {fileID: 3008872626167853047, guid: b39e662723f3c894a8d39544f7999283,
        type: 3}
      propertyPath: m_RootOrder
      value: 0
      objectReference: {fileID: 0}
    - target: {fileID: 3008872626167853047, guid: b39e662723f3c894a8d39544f7999283,
        type: 3}
      propertyPath: m_LocalEulerAnglesHint.x
      value: 180
      objectReference: {fileID: 0}
    - target: {fileID: 3008872626167853047, guid: b39e662723f3c894a8d39544f7999283,
        type: 3}
      propertyPath: m_LocalEulerAnglesHint.y
      value: 0
      objectReference: {fileID: 0}
    - target: {fileID: 3008872626167853047, guid: b39e662723f3c894a8d39544f7999283,
        type: 3}
      propertyPath: m_LocalEulerAnglesHint.z
      value: 0
      objectReference: {fileID: 0}
    - target: {fileID: 3008872626167853047, guid: b39e662723f3c894a8d39544f7999283,
        type: 3}
      propertyPath: m_LocalScale.z
      value: -1
      objectReference: {fileID: 0}
    m_RemovedComponents: []
  m_SourcePrefab: {fileID: 100100000, guid: b39e662723f3c894a8d39544f7999283, type: 3}
--- !u!4 &7701921256505278433 stripped
Transform:
  m_CorrespondingSourceObject: {fileID: 3008872626167853047, guid: b39e662723f3c894a8d39544f7999283,
    type: 3}
  m_PrefabInstance: {fileID: 4837729278544531478}
  m_PrefabAsset: {fileID: 0}
